@inproceedings{Shamir_Sharan_2001_CTCB,
  title={Algorithmic approaches to clustering gene expression data},
  author={Shamir, Ron and Sharan, Roded},
  booktitle={Current Topics in Computational Biology},
  year={2001},
  organization={Citeseer}
}
@book{Durbin_1998_biological,
  title={Biological sequence analysis: probabilistic models of proteins and nucleic acids},
  author={Durbin, Richard},
  year={1998},
  publisher={Cambridge university press}
}
%%%%%%%%%%%%%%%%%%%%%%%%%%%%%%%%%%%%%%%%%%%%%%%%%%%%%%%%%%%%%%%%%%%%%%%%%%%%%%%%%%%%%%%
@book{Hastie_etal_2009_Elements,
  title={The elements of statistical learning},
  author={Hastie, Trevor and Tibshirani, Robert and Friedman, Jerome and Hastie, T and Friedman, J and Tibshirani, R},
  volume={2},
  number={1},
  year={2009},
  publisher={Springer}
}
%%%%%%%%%%%%%%%%%%%%%%%%%%%%%%%%%%%%%%%%%%%%%%%%%%%%%%%%%%%%%%%%%%%%%%%%%%%%%%%%%%%%%%%
@book{Manning_etal_2008_Information,
  title={Introduction to information retrieval},
  author={Manning, Christopher D and Raghavan, Prabhakar and Sch{\"u}tze, Hinrich},
  volume={1},
  year={2008},
  publisher={Cambridge university press Cambridge}
}
%%%%%%%%%%%%%%%%%%%%%%%%%%%%%%%%%%%%%%%%%%%%%%%%%%%%%%%%%%%%%%%%%%%%%%%%%%%%%%%%%%%%%%%
@book{Ramsay_Silverman_2002_Applied,
  title={Applied functional data analysis: methods and case studies},
  author={Ramsay, James O and Silverman, Bernard W},
  volume={77},
  year={2002},
  publisher={Springer}
}
%%%%%%%%%%%%%%%%%%%%%%%%%%%%%%%%%%%%%%%%%%%%%%%%%%%%%%%%%%%%%%%%%%%%%%%%%%%%%%%%%%%%%%%
@book{Ramsay_2006_Functional,
  title={Functional data analysis},
  author={Ramsay, James O},
  year={2006},
  publisher={Wiley Online Library}
}
%%%%%%%%%%%%%%%%%%%%%%%%%%%%%%%%%%%%%%%%%%%%%%%%%%%%%%%%%%%%%%%%%%%%%%%%%%%%%%%%%%%%%%%

@article{10002010map,
  title={A map of human genome variation from population-scale sequencing},
  author={1000 Genomes Project Consortium and others},
  journal={Nature},
  volume={467},
  number={7319},
  pages={1061--1073},
  year={2010},
  publisher={Nature Publishing Group}

}
%%%%%%%%%%%%%%%%%%%%%%%%%%%%%%%%%%%%%%%%%%%%%%%%%%%%%%%%%%%%%%%%%%%%%%%%%%%%%%%%%%%%%%%
@article{Bittner_etal_2000_Nature,
  title={Molecular classification of cutaneous malignant melanoma by gene expression profiling},
  author={Bittner, Meltzer and Meltzer, P and Chen, Y and Jiang, Y and Seftor, E and Hendrix, M and Radmacher, M and Simon, Rm and Yakhini, Z and Ben-Dor, A and others},
  journal={Nature},
  volume={406},
  number={6795},
  pages={536--540},
  year={2000},
  publisher={Nature Publishing Group}
}
%%%%%%%%%%%%%%%%%%%%%%%%%%%%%%%%%%%%%%%%%%%%%%%%%%%%%%%%%%%%%%%%%%%%%%%%%%%%%%%%%%%%%%%
@article{Chen_etal_2002_StatSinica,
  title={Evaluation and comparison of clustering algorithms in analyzing ES cell gene expression data},
  author={Chen, Gengxin and Jaradat, Saied A and Banerjee, Nila and Tanaka, Tetsuya S and Ko, Minoru SH and Zhang, Michael Q},
  journal={Statistica Sinica},
  volume={12},
  number={1},
  pages={241--262},
  year={2002},
  publisher={C/O DR HC HO, INST STATISTICAL SCIENCE, ACADEMIA SINICA, TAIPEI 115, TAIWAN}
}
%%%%%%%%%%%%%%%%%%%%%%%%%%%%%%%%%%%%%%%%%%%%%%%%%%%%%%%%%%%%%%%%%%%%%%%%%%%%%%%%%%%%%%%
@article{Kohlmann_etal_2008_BJH,
  title={An international standardization programme towards the application of gene expression profiling in routine leukaemia diagnostics: the Microarray Innovations in LEukemia study prephase},
  author={Kohlmann, Alexander and Kipps, Thomas J and Rassenti, Laura Z and Downing, James R and Shurtleff, Sheila A and Mills, Ken I and Gilkes, Amanda F and Hofmann, Wolf-Karsten and Basso, Giuseppe and Dellâ€™Orto, Marta Campo and others},
  journal={British journal of haematology},
  volume={142},
  number={5},
  pages={802--807},
  year={2008},
  publisher={Wiley Online Library}
}
%%%%%%%%%%%%%%%%%%%%%%%%%%%%%%%%%%%%%%%%%%%%%%%%%%%%%%%%%%%%%%%%%%%%%%%%%%%%%%%%%%%%%%%
@article{Shamir_etal_2004_DAM,
  title={Cluster graph modification problems},
  author={Shamir, Ron and Sharan, Roded and Tsur, Dekel},
  journal={Discrete Applied Mathematics},
  volume={144},
  number={1},
  pages={173--182},
  year={2004},
  publisher={Elsevier}
}

